@article{Thomassen92,
 ISSN = {00029890, 19300972},
 URL = {http://www.jstor.org/stable/2324180},
 author = {C. Thomassen},
 journal = {The American Mathematical Monthly},
 number = {2},
 pages = {116--131},
 publisher = {Mathematical Association of America},
 title = {The Jordan-Schönflies Theorem and the Classification of Surface},
 volume = {99},
 year = {1992}
}

@article{Thomassen81,
author = {C. Thomassen},
year = {1981},
month = {10},
pages = {225 - 241},
title = {Kuratowski's Theorem},
volume = {5},
journal = {Journal of Graph Theory}
}

@article{Stadler02,
author = {M. Macho-Stadler},
ISSN = {1131-7787}
year = {2002},
month = {01},
pages = {63-77},
title = {¿Qué es la topología?},
volume = {20},
journal = {Sigma: revista de matemáticas = matematika aldizkaria}
}

@book{Herrero10,
author = {P. J. Herrero-Piñeyro},
title = {Topología de Espacios Métricos},
year = {2010},
pages = {9-18},
url = {https://es.scribd.com/doc/114382960/Topologia-Pedro-Jose-Herrero-Pineyro},
publisher = {Universidad de Murcia}
}

@book{Massey77,
author = {W. S. Massey},
ISSN = {0072-5285},
year = {1977},
month = {},
pages = {},
title = {Algebraic Topology: An Introduction},
volume = {56},
publisher = {Springer-Verlag}
}

@book{Tutte84,
author = {W. T. Tutte},
title = {Graph Theory},
year = {1984},
pages = {},
publisher = {Addison Wesley}
}
